<?xml version="1.0" encoding="UTF-8"?>
<collection xmlns:xsi="http://www.w3.org/2001/XMLSchema-instance" xsi:schemaLocation="http://www.loc.gov/MARC21/slim http://www.loc.gov/standards/marcxml/schema/MARC21slim.xsd" xmlns="http://www.loc.gov/MARC21/slim">
<record>
  <leader>00898cam a22002171  4500</leader>
  <controlfield tag="001">2976539</controlfield>
  <controlfield tag="003">NNC</controlfield>
  <controlfield tag="005">20150710094838.0</controlfield>
  <controlfield tag="008">890329s1929    ua ah         000 0 ara d</controlfield>
  <datafield tag="035" ind1=" " ind2=" ">
    <subfield code="a">(OCoLC)ocm19475129</subfield>
  </datafield>
  <datafield tag="035" ind1=" " ind2=" ">
    <subfield code="9">ASM3561CU</subfield>
  </datafield>
  <datafield tag="040" ind1=" " ind2=" ">
    <subfield code="a">CUY</subfield>
    <subfield code="c">CUY</subfield>
    <subfield code="d">ZCU</subfield>
  </datafield>
  <datafield tag="090" ind1=" " ind2=" ">
    <subfield code="a">PJ3014</subfield>
    <subfield code="b">.B4</subfield>
  </datafield>
  <datafield tag="100" ind1="1" ind2=" ">
    <subfield code="a">Ben-Zeev, Israel,</subfield>
    <subfield code="d">1899-</subfield>
  </datafield>
  <datafield tag="245" ind1="1" ind2="0">
    <subfield code="a">Tārīkh al-lughāt al-Sāmīya,</subfield>
    <subfield code="c">taʾlīf al-ductūr Isrāʾīl Wulfinsun (Abū Dhuʾīb) ...</subfield>
  </datafield>
  <datafield tag="260" ind1=" " ind2=" ">
    <subfield code="a">Miṣr,</subfield>
    <subfield code="b">Maṭbaʻat al-Iʻtimād bi-shāriʻ Ḥasan al-Akbar</subfield>
    <subfield code="c">1929.</subfield>
  </datafield>
  <datafield tag="300" ind1=" " ind2=" ">
    <subfield code="a">[8],294 p.</subfield>
    <subfield code="b">illus.,facsims.</subfield>
  </datafield>
  <datafield tag="500" ind1=" " ind2=" ">
    <subfield code="a">Translation of title: A history of the Sametic languages, the work of Dr. Israel Wolfenson ...</subfield>
  </datafield>
  <datafield tag="500" ind1=" " ind2=" ">
    <subfield code="a">At head of title: Lajnat al-Taʾlīf wa-al-Tarjamah wa-al-Nashr, sanat 1914. [Association of Authorship Translation and Publication, 1914]</subfield>
  </datafield>
  <datafield tag="650" ind1=" " ind2="0">
    <subfield code="a">Semitic languages</subfield>
    <subfield code="x">History.</subfield>
  </datafield>
  <datafield tag="955" ind1=" " ind2=" ">
    <subfield code="b">0036759716</subfield>
    <subfield code="d">glx</subfield>
    <subfield code="e">PJ3014 .B4</subfield>
  </datafield>
</record>
</collection>